[gd_resource type="VisualShader" load_steps=14 format=3 uid="uid://cwux1ld7prwys"]

[sub_resource type="VisualShaderNodeIf" id="VisualShaderNodeIf_lmdm6"]
default_input_values = [0, 0.0, 1, 0.0, 2, 0.0, 3, Vector3(0, 0, 0), 4, Vector3(1, 1, 1), 5, Vector3(0, 0, 0)]

[sub_resource type="VisualShaderNodeRemap" id="VisualShaderNodeRemap_qglld"]
default_input_values = [1, -1.0, 2, 1.0, 3, 0.0, 4, 1.0]

[sub_resource type="VisualShaderNodeFloatOp" id="VisualShaderNodeFloatOp_c5mmp"]
default_input_values = [0, 0.0, 1, 0.75]
operator = 2

[sub_resource type="VisualShaderNodeVectorOp" id="VisualShaderNodeVectorOp_73bes"]
default_input_values = [0, Vector3(0, 0, 0), 1, Vector3(0.1, 0.1, 0.1)]

[sub_resource type="VisualShaderNodeStep" id="VisualShaderNodeStep_ire80"]
default_input_values = [0, Vector3(0, 0, 0), 1, Vector3(0, 0, 0)]
op_type = 3

[sub_resource type="VisualShaderNodeMix" id="VisualShaderNodeMix_eqxwv"]
default_input_values = [0, Vector3(0, 0, 0), 1, Vector3(1, 1, 1), 2, Vector3(0.5, 0.5, 0.5)]
op_type = 3

[sub_resource type="VisualShaderNodeColorParameter" id="VisualShaderNodeColorParameter_isw03"]
parameter_name = "BlendColor"

[sub_resource type="VisualShaderNodeInput" id="VisualShaderNodeInput_tajhs"]
expanded_output_ports = [0]
input_name = "uv"

[sub_resource type="VisualShaderNodeVectorDistance" id="VisualShaderNodeVectorDistance_se4yf"]
default_input_values = [0, Vector2(0, 0), 1, Vector2(0, 0)]
op_type = 0

[sub_resource type="VisualShaderNodeVec2Parameter" id="VisualShaderNodeVec2Parameter_hxkwr"]
parameter_name = "UVBlend"
default_value_enabled = true
default_value = Vector2(0.5, 0.5)

[sub_resource type="VisualShaderNodeRemap" id="VisualShaderNodeRemap_7kdtj"]
default_input_values = [1, 1.0, 2, 0.0, 3, 0.0, 4, 1.0]

[sub_resource type="VisualShaderNodeInput" id="VisualShaderNodeInput_vvk3y"]
input_name = "time"

[sub_resource type="VisualShaderNodeFloatFunc" id="VisualShaderNodeFloatFunc_x0kn8"]
function = 0

[resource]
code = "shader_type spatial;
render_mode blend_mix, depth_draw_opaque, cull_back, diffuse_lambert, specular_schlick_ggx;

uniform vec2 UVBlend = vec2(0.500000, 0.500000);
uniform vec4 BlendColor : source_color;



void fragment() {
// Input:3
	vec2 n_out3p0 = UV;


// Vector2Parameter:6
	vec2 n_out6p0 = UVBlend;


// Distance:5
	float n_out5p0 = distance(n_out3p0, n_out6p0);


	float n_out7p0;
// Remap:7
	float n_in7p1 = 1.00000;
	float n_in7p2 = 0.00000;
	float n_in7p3 = 0.00000;
	float n_in7p4 = 1.00000;
	{
		float __input_range = n_in7p2 - n_in7p1;
		float __output_range = n_in7p4 - n_in7p3;
		n_out7p0 = n_in7p3 + __output_range * ((n_out5p0 - n_in7p1) / __input_range);
	}


// Input:8
	float n_out8p0 = TIME;


// FloatOp:12
	float n_in12p1 = 0.75000;
	float n_out12p0 = n_out8p0 * n_in12p1;


// FloatFunc:9
	float n_out9p0 = sin(n_out12p0);


	float n_out11p0;
// Remap:11
	float n_in11p1 = -1.00000;
	float n_in11p2 = 1.00000;
	float n_in11p3 = 0.00000;
	float n_in11p4 = 1.00000;
	{
		float __input_range = n_in11p2 - n_in11p1;
		float __output_range = n_in11p4 - n_in11p3;
		n_out11p0 = n_in11p3 + __output_range * ((n_out9p0 - n_in11p1) / __input_range);
	}


	vec3 n_out10p0;
// If:10
	float n_in10p2 = 0.00000;
	vec3 n_in10p3 = vec3(0.00000, 0.00000, 0.00000);
	vec3 n_in10p4 = vec3(1.00000, 1.00000, 1.00000);
	vec3 n_in10p5 = vec3(0.00000, 0.00000, 0.00000);
	if(abs(n_out7p0 - n_out11p0) < n_in10p2)
	{
		n_out10p0 = n_in10p3;
	}
	else if(n_out7p0 < n_out11p0)
	{
		n_out10p0 = n_in10p5;
	}
	else
	{
		n_out10p0 = n_in10p4;
	}


// ColorParameter:16
	vec4 n_out16p0 = BlendColor;


// VectorOp:13
	vec3 n_in13p1 = vec3(0.10000, 0.10000, 0.10000);
	vec3 n_out13p0 = n_out10p0 + n_in13p1;


// Step:14
	vec3 n_out14p0 = step(n_out13p0, n_out10p0);


// Mix:15
	vec3 n_in15p0 = vec3(0.00000, 0.00000, 0.00000);
	vec3 n_out15p0 = mix(n_in15p0, vec3(n_out16p0.xyz), n_out14p0);


// Output:0
	ALBEDO = n_out10p0;
	ALPHA = n_out10p0.x;
	EMISSION = n_out15p0;


}
"
nodes/fragment/0/position = Vector2(1060, 180)
nodes/fragment/3/node = SubResource("VisualShaderNodeInput_tajhs")
nodes/fragment/3/position = Vector2(-440, 200)
nodes/fragment/5/node = SubResource("VisualShaderNodeVectorDistance_se4yf")
nodes/fragment/5/position = Vector2(-100, 180)
nodes/fragment/6/node = SubResource("VisualShaderNodeVec2Parameter_hxkwr")
nodes/fragment/6/position = Vector2(-440, 320)
nodes/fragment/7/node = SubResource("VisualShaderNodeRemap_7kdtj")
nodes/fragment/7/position = Vector2(80, 160)
nodes/fragment/8/node = SubResource("VisualShaderNodeInput_vvk3y")
nodes/fragment/8/position = Vector2(-380, 520)
nodes/fragment/9/node = SubResource("VisualShaderNodeFloatFunc_x0kn8")
nodes/fragment/9/position = Vector2(40, 400)
nodes/fragment/10/node = SubResource("VisualShaderNodeIf_lmdm6")
nodes/fragment/10/position = Vector2(360, 220)
nodes/fragment/11/node = SubResource("VisualShaderNodeRemap_qglld")
nodes/fragment/11/position = Vector2(180, 340)
nodes/fragment/12/node = SubResource("VisualShaderNodeFloatOp_c5mmp")
nodes/fragment/12/position = Vector2(-100, 440)
nodes/fragment/13/node = SubResource("VisualShaderNodeVectorOp_73bes")
nodes/fragment/13/position = Vector2(540, 380)
nodes/fragment/14/node = SubResource("VisualShaderNodeStep_ire80")
nodes/fragment/14/position = Vector2(660, 360)
nodes/fragment/15/node = SubResource("VisualShaderNodeMix_eqxwv")
nodes/fragment/15/position = Vector2(840, 320)
nodes/fragment/16/node = SubResource("VisualShaderNodeColorParameter_isw03")
nodes/fragment/16/position = Vector2(640, 480)
nodes/fragment/connections = PackedInt32Array(3, 0, 5, 0, 6, 0, 5, 1, 5, 0, 7, 0, 10, 0, 0, 0, 10, 0, 0, 1, 9, 0, 11, 0, 7, 0, 10, 0, 11, 0, 10, 1, 8, 0, 12, 0, 12, 0, 9, 0, 10, 0, 13, 0, 14, 0, 15, 2, 15, 0, 0, 5, 16, 0, 15, 1, 13, 0, 14, 0, 10, 0, 14, 1)
